@conference{Sbaraglia,
    author = {Marco, Sbaraglia and Michael, Lodi and Simone, Martini},
    booktitle = {Convegno Italiano Sulla Didattica dell'Informatica (ITADINFO), 13-15 Ottobre 2023, Bari},
    title = {Apprendimento della programmazione guidato dalla necessit√†: il Necessity Learning Design},
    year = 2023
}
