@ARTICLE{9173738,
  author={Laine, Teemu H. and Lindberg, Renny S. N.},
  journal={IEEE Transactions on Learning Technologies}, 
  title={Designing Engaging Games for Education: A Systematic Literature Review on Game Motivators and Design Principles}, 
  year={2020},
  volume={13},
  number={4},
  pages={804-821},
  keywords={Games;Education;Bibliographies;Systematics;Taxonomy;Business;Entertainment industry;Design principles (DPs);educational games;game design;gamification;motivation;serious games;taxonomy},
  doi={10.1109/TLT.2020.3018503}}

@conference{Sbaraglia,
    author = {Marco, Sbaraglia and Michael, Lodi and Simone, Martini},
    booktitle = {Convegno Italiano Sulla Didattica dell'Informatica (ITADINFO), 13-15 Ottobre 2023, Bari},
    title = {Apprendimento della programmazione guidato dalla necessità: il Necessity Learning Design},
    year = 2023
}

@book{sweigart2016invent,
  title={Invent your own computer games with python},
  author={Sweigart, Al},
  year={2016},
  publisher={No Starch Press}
}

@ARTICLE{9910160,
  author={Vidal-Silva, Cristian and Barriga, Nicolás A. and Ortega-Cordero, Franco and González-López, Javiera and Jiménez-Quintana, Claudia and Pezoa-Fuentes, Claudia and Veas-González, Iván},
  journal={IEEE Access}, 
  title={Developing Computing Competencies Without Restrictions}, 
  year={2022},
  volume={10},
  number={},
  pages={106568-106580},
  keywords={Python;Programming profession;Codes;Internet;Syntactics;Software algorithms;Operating systems;Online learning;Programming competencies;operating systems;python;Google colab;colaboratory;online education},
  doi={10.1109/ACCESS.2022.3211973}}


@misc
{
	miur,
	author       = {Ministro dell’università e della ricerca},
	title        = {Decreto Ministeriale n. 934 del 03-08-2022},
	year         = {2022},
	howpublished = {\url{https://www.mur.gov.it/sites/default/files/2022-08/Decreto%20Ministeriale%20n.%20934%20del%2003-08-2022.pdf}}

}

@misc
{
	inkscape,
	author       = {Inkscape},
	title        = {Decreto Ministeriale n. 934 del 03-08-2022},
	year         = {2024},
	howpublished = {\url{https://inkscape.org/it/}}

}

@misc
{
	pygame,
	author       = {Pygame},
	title        = {python library for game development},
	year         = {2024},
	howpublished = {\url{https://www.pygame.org/docs/index.html}}

}

@ARTICLE{9675819,
  author={Zhao, Dan and Muntean, Cristina Hava and Chis, Adriana E. and Rozinaj, Gregor and Muntean, Gabriel-Miro},
  journal={IEEE Transactions on Education}, 
  title={Game-Based Learning: Enhancing Student Experience, Knowledge Gain, and Usability in Higher Education Programming Courses}, 
  year={2022},
  volume={65},
  number={4},
  pages={502-513},
  keywords={Games;Programming profession;Education;Usability;Task analysis;Problem-solving;Knowledge acquisition;Education;game-based learning (GBL);programming},
  doi={10.1109/TE.2021.3136914}}


@Article{educsci14010010,
AUTHOR = {Criollo-C, Santiago and González-Rodríguez, Mario and Guerrero-Arias, Andrea and Urquiza-Aguiar, Luis F. and Luján-Mora, Sergio},
TITLE = {A Review of Emerging Technologies and Their Acceptance in Higher Education},
JOURNAL = {Education Sciences},
VOLUME = {14},
YEAR = {2024},
NUMBER = {1},
ARTICLE-NUMBER = {10},
URL = {https://www.mdpi.com/2227-7102/14/1/10},
ISSN = {2227-7102},
DOI = {10.3390/educsci14010010}
}



